@techreport{ericsson_mobility_report,
  title        = {Ericsson Mobility Report},
  author       = {{Ericsson}},
  year         = {2022},
  institution  = {Ericsson},
  url          = {https://www.ericsson.com/en/reports-and-papers/mobility-report},
}